%YAML 1.1
%TAG !u! tag:unity3d.com,2011:
--- !u!1001 &7368743589865664881
PrefabInstance:
  m_ObjectHideFlags: 0
  serializedVersion: 2
  m_Modification:
    m_TransformParent: {fileID: 0}
    m_Modifications:
    - target: {fileID: 1333430696113014, guid: 52be4f364faeea948b4063f616a70815, type: 3}
      propertyPath: m_Name
      value: Die
      objectReference: {fileID: 0}
    - target: {fileID: 4245016233219112, guid: 52be4f364faeea948b4063f616a70815, type: 3}
      propertyPath: m_LocalPosition.x
      value: 125.85
      objectReference: {fileID: 0}
    - target: {fileID: 4245016233219112, guid: 52be4f364faeea948b4063f616a70815, type: 3}
      propertyPath: m_LocalPosition.y
      value: 18.82
      objectReference: {fileID: 0}
    - target: {fileID: 4245016233219112, guid: 52be4f364faeea948b4063f616a70815, type: 3}
      propertyPath: m_LocalPosition.z
      value: 19.28
      objectReference: {fileID: 0}
    - target: {fileID: 4245016233219112, guid: 52be4f364faeea948b4063f616a70815, type: 3}
      propertyPath: m_LocalRotation.x
      value: -0
      objectReference: {fileID: 0}
    - target: {fileID: 4245016233219112, guid: 52be4f364faeea948b4063f616a70815, type: 3}
      propertyPath: m_LocalRotation.y
      value: -0.2588186
      objectReference: {fileID: 0}
    - target: {fileID: 4245016233219112, guid: 52be4f364faeea948b4063f616a70815, type: 3}
      propertyPath: m_LocalRotation.z
      value: -0
      objectReference: {fileID: 0}
    - target: {fileID: 4245016233219112, guid: 52be4f364faeea948b4063f616a70815, type: 3}
      propertyPath: m_LocalRotation.w
      value: 0.965926
      objectReference: {fileID: 0}
    - target: {fileID: 4245016233219112, guid: 52be4f364faeea948b4063f616a70815, type: 3}
      propertyPath: m_RootOrder
      value: 0
      objectReference: {fileID: 0}
    - target: {fileID: 4245016233219112, guid: 52be4f364faeea948b4063f616a70815, type: 3}
      propertyPath: m_LocalEulerAnglesHint.x
      value: 0
      objectReference: {fileID: 0}
    - target: {fileID: 4245016233219112, guid: 52be4f364faeea948b4063f616a70815, type: 3}
      propertyPath: m_LocalEulerAnglesHint.y
      value: -30.000002
      objectReference: {fileID: 0}
    - target: {fileID: 4245016233219112, guid: 52be4f364faeea948b4063f616a70815, type: 3}
      propertyPath: m_LocalEulerAnglesHint.z
      value: 0
      objectReference: {fileID: 0}
    - target: {fileID: 7254185506043371040, guid: 52be4f364faeea948b4063f616a70815,
        type: 3}
      propertyPath: m_LocalRotation.x
      value: -0.7071068
      objectReference: {fileID: 0}
    - target: {fileID: 7254185506043371040, guid: 52be4f364faeea948b4063f616a70815,
        type: 3}
      propertyPath: m_LocalRotation.w
      value: 0.7071068
      objectReference: {fileID: 0}
    - target: {fileID: 7254185506043371040, guid: 52be4f364faeea948b4063f616a70815,
        type: 3}
      propertyPath: m_LocalEulerAnglesHint.x
      value: -90
      objectReference: {fileID: 0}
    - target: {fileID: 4988269095573982, guid: 52be4f364faeea948b4063f616a70815, type: 3}
      propertyPath: m_LocalPosition.z
      value: 0.01
      objectReference: {fileID: 0}
    - target: {fileID: 54340321947854306, guid: 52be4f364faeea948b4063f616a70815,
        type: 3}
      propertyPath: m_Drag
      value: 0.5
      objectReference: {fileID: 0}
    - target: {fileID: 114067067689610962, guid: 52be4f364faeea948b4063f616a70815,
        type: 3}
      propertyPath: gfx
      value: 
      objectReference: {fileID: 0}
    - target: {fileID: 114067067689610962, guid: 52be4f364faeea948b4063f616a70815,
        type: 3}
      propertyPath: body
      value: 
      objectReference: {fileID: 4542253089175497989}
    - target: {fileID: 114067067689610962, guid: 52be4f364faeea948b4063f616a70815,
        type: 3}
      propertyPath: fade
      value: 
      objectReference: {fileID: 3515856249697663722}
    - target: {fileID: 114067067689610962, guid: 52be4f364faeea948b4063f616a70815,
        type: 3}
      propertyPath: selectedDrag
      value: 10
      objectReference: {fileID: 0}
    - target: {fileID: 114067067689610962, guid: 52be4f364faeea948b4063f616a70815,
        type: 3}
      propertyPath: selectedMass
      value: 0.001
      objectReference: {fileID: 0}
    - target: {fileID: 114435014204372886, guid: 52be4f364faeea948b4063f616a70815,
        type: 3}
      propertyPath: gfx
      value: 
      objectReference: {fileID: 7369832500171196745}
    - target: {fileID: 114435014204372886, guid: 52be4f364faeea948b4063f616a70815,
        type: 3}
      propertyPath: timeBody
      value: 
      objectReference: {fileID: 7482136469092676941}
    - target: {fileID: 114536379461043260, guid: 52be4f364faeea948b4063f616a70815,
        type: 3}
      propertyPath: desiredStatesParent
      value: 
      objectReference: {fileID: 0}
    - target: {fileID: 114573817607640548, guid: 52be4f364faeea948b4063f616a70815,
        type: 3}
      propertyPath: haulable
      value: 
      objectReference: {fileID: 7482227360122838947}
    - target: {fileID: 114573817607640548, guid: 52be4f364faeea948b4063f616a70815,
        type: 3}
      propertyPath: rewindAnim
      value: 
      objectReference: {fileID: 6299836100436063826}
    - target: {fileID: 114573817607640548, guid: 52be4f364faeea948b4063f616a70815,
        type: 3}
      propertyPath: rewindParticleTrail
      value: 
      objectReference: {fileID: 2824268110629400225}
    - target: {fileID: 114573817607640548, guid: 52be4f364faeea948b4063f616a70815,
        type: 3}
      propertyPath: timeBody
      value: 
      objectReference: {fileID: 7482136469092676941}
    - target: {fileID: 114573817607640548, guid: 52be4f364faeea948b4063f616a70815,
        type: 3}
      propertyPath: highlight
      value: 
      objectReference: {fileID: 7928819684512869196}
    - target: {fileID: 739125740941365342, guid: 52be4f364faeea948b4063f616a70815,
        type: 3}
      propertyPath: m_LocalRotation.x
      value: -0.7071068
      objectReference: {fileID: 0}
    - target: {fileID: 739125740941365342, guid: 52be4f364faeea948b4063f616a70815,
        type: 3}
      propertyPath: m_LocalRotation.w
      value: 0.7071068
      objectReference: {fileID: 0}
    - target: {fileID: 739125740941365342, guid: 52be4f364faeea948b4063f616a70815,
        type: 3}
      propertyPath: m_LocalPosition.y
      value: -0.7
      objectReference: {fileID: 0}
    - target: {fileID: 739125740941365342, guid: 52be4f364faeea948b4063f616a70815,
        type: 3}
      propertyPath: m_LocalScale.x
      value: 70
      objectReference: {fileID: 0}
    - target: {fileID: 739125740941365342, guid: 52be4f364faeea948b4063f616a70815,
        type: 3}
      propertyPath: m_LocalScale.y
      value: 70
      objectReference: {fileID: 0}
    - target: {fileID: 739125740941365342, guid: 52be4f364faeea948b4063f616a70815,
        type: 3}
      propertyPath: m_LocalScale.z
      value: 70
      objectReference: {fileID: 0}
    - target: {fileID: 739125740941365342, guid: 52be4f364faeea948b4063f616a70815,
        type: 3}
      propertyPath: m_LocalEulerAnglesHint.x
      value: -90
      objectReference: {fileID: 0}
    - target: {fileID: 597811337483164221, guid: 52be4f364faeea948b4063f616a70815,
        type: 3}
      propertyPath: m_IsActive
      value: 0
      objectReference: {fileID: 0}
    - target: {fileID: 3645170867860615882, guid: 52be4f364faeea948b4063f616a70815,
        type: 3}
      propertyPath: m_LocalPosition.z
      value: 0.01
      objectReference: {fileID: 0}
    - target: {fileID: 4634736705473096, guid: 52be4f364faeea948b4063f616a70815, type: 3}
      propertyPath: m_LocalScale.x
      value: 0.02
      objectReference: {fileID: 0}
    - target: {fileID: 4634736705473096, guid: 52be4f364faeea948b4063f616a70815, type: 3}
      propertyPath: m_LocalScale.y
      value: 0.02
      objectReference: {fileID: 0}
    - target: {fileID: 4634736705473096, guid: 52be4f364faeea948b4063f616a70815, type: 3}
      propertyPath: m_LocalScale.z
      value: 0.02
      objectReference: {fileID: 0}
    - target: {fileID: 4895441810781916, guid: 52be4f364faeea948b4063f616a70815, type: 3}
      propertyPath: m_LocalScale.x
      value: 0.02
      objectReference: {fileID: 0}
    - target: {fileID: 4895441810781916, guid: 52be4f364faeea948b4063f616a70815, type: 3}
      propertyPath: m_LocalScale.y
      value: 0.02
      objectReference: {fileID: 0}
    - target: {fileID: 4895441810781916, guid: 52be4f364faeea948b4063f616a70815, type: 3}
      propertyPath: m_LocalScale.z
      value: 0.02
      objectReference: {fileID: 0}
    - target: {fileID: 4471284170287138, guid: 52be4f364faeea948b4063f616a70815, type: 3}
      propertyPath: m_LocalScale.x
      value: 0.02
      objectReference: {fileID: 0}
    - target: {fileID: 4471284170287138, guid: 52be4f364faeea948b4063f616a70815, type: 3}
      propertyPath: m_LocalScale.y
      value: 0.02
      objectReference: {fileID: 0}
    - target: {fileID: 4471284170287138, guid: 52be4f364faeea948b4063f616a70815, type: 3}
      propertyPath: m_LocalScale.z
      value: 0.02
      objectReference: {fileID: 0}
    - target: {fileID: 834987879506750157, guid: 52be4f364faeea948b4063f616a70815,
        type: 3}
      propertyPath: m_LocalScale.x
      value: 0.02
      objectReference: {fileID: 0}
    - target: {fileID: 834987879506750157, guid: 52be4f364faeea948b4063f616a70815,
        type: 3}
      propertyPath: m_LocalScale.y
      value: 0.02
      objectReference: {fileID: 0}
    - target: {fileID: 834987879506750157, guid: 52be4f364faeea948b4063f616a70815,
        type: 3}
      propertyPath: m_LocalScale.z
      value: 0.02
      objectReference: {fileID: 0}
    - target: {fileID: 1007253838982021489, guid: 52be4f364faeea948b4063f616a70815,
        type: 3}
      propertyPath: m_LocalScale.x
      value: 0.02
      objectReference: {fileID: 0}
    - target: {fileID: 1007253838982021489, guid: 52be4f364faeea948b4063f616a70815,
        type: 3}
      propertyPath: m_LocalScale.y
      value: 0.02
      objectReference: {fileID: 0}
    - target: {fileID: 1007253838982021489, guid: 52be4f364faeea948b4063f616a70815,
        type: 3}
      propertyPath: m_LocalScale.z
      value: 0.02
      objectReference: {fileID: 0}
    - target: {fileID: 2186221557980040334, guid: 52be4f364faeea948b4063f616a70815,
        type: 3}
      propertyPath: m_LocalScale.x
      value: 0.02
      objectReference: {fileID: 0}
    - target: {fileID: 2186221557980040334, guid: 52be4f364faeea948b4063f616a70815,
        type: 3}
      propertyPath: m_LocalScale.y
      value: 0.02
      objectReference: {fileID: 0}
    - target: {fileID: 2186221557980040334, guid: 52be4f364faeea948b4063f616a70815,
        type: 3}
      propertyPath: m_LocalScale.z
      value: 0.02
      objectReference: {fileID: 0}
    - target: {fileID: 2857903594139741116, guid: 52be4f364faeea948b4063f616a70815,
        type: 3}
      propertyPath: m_LocalScale.x
      value: 0.02
      objectReference: {fileID: 0}
    - target: {fileID: 2857903594139741116, guid: 52be4f364faeea948b4063f616a70815,
        type: 3}
      propertyPath: m_LocalScale.y
      value: 0.02
      objectReference: {fileID: 0}
    - target: {fileID: 2857903594139741116, guid: 52be4f364faeea948b4063f616a70815,
        type: 3}
      propertyPath: m_LocalScale.z
      value: 0.02
      objectReference: {fileID: 0}
    - target: {fileID: 2901090481992253298, guid: 52be4f364faeea948b4063f616a70815,
        type: 3}
      propertyPath: m_LocalScale.x
      value: 0.02
      objectReference: {fileID: 0}
    - target: {fileID: 2901090481992253298, guid: 52be4f364faeea948b4063f616a70815,
        type: 3}
      propertyPath: m_LocalScale.y
      value: 0.02
      objectReference: {fileID: 0}
    - target: {fileID: 2901090481992253298, guid: 52be4f364faeea948b4063f616a70815,
        type: 3}
      propertyPath: m_LocalScale.z
      value: 0.02
      objectReference: {fileID: 0}
    - target: {fileID: 3022063567331871492, guid: 52be4f364faeea948b4063f616a70815,
        type: 3}
      propertyPath: m_LocalScale.x
      value: 0.02
      objectReference: {fileID: 0}
    - target: {fileID: 3022063567331871492, guid: 52be4f364faeea948b4063f616a70815,
        type: 3}
      propertyPath: m_LocalScale.y
      value: 0.02
      objectReference: {fileID: 0}
    - target: {fileID: 3022063567331871492, guid: 52be4f364faeea948b4063f616a70815,
        type: 3}
      propertyPath: m_LocalScale.z
      value: 0.02
      objectReference: {fileID: 0}
    - target: {fileID: 3526236951709007464, guid: 52be4f364faeea948b4063f616a70815,
        type: 3}
      propertyPath: m_LocalScale.x
      value: 0.02
      objectReference: {fileID: 0}
    - target: {fileID: 3526236951709007464, guid: 52be4f364faeea948b4063f616a70815,
        type: 3}
      propertyPath: m_LocalScale.y
      value: 0.02
      objectReference: {fileID: 0}
    - target: {fileID: 3526236951709007464, guid: 52be4f364faeea948b4063f616a70815,
        type: 3}
      propertyPath: m_LocalScale.z
      value: 0.02
      objectReference: {fileID: 0}
    - target: {fileID: 4716071053886382032, guid: 52be4f364faeea948b4063f616a70815,
        type: 3}
      propertyPath: SubModule.subEmitters.Array.data[0].emitter
      value: 
      objectReference: {fileID: 5886207365870693573}
    - target: {fileID: 4904909817232003570, guid: 52be4f364faeea948b4063f616a70815,
        type: 3}
      propertyPath: m_LocalScale.x
      value: 0.02
      objectReference: {fileID: 0}
    - target: {fileID: 4904909817232003570, guid: 52be4f364faeea948b4063f616a70815,
        type: 3}
      propertyPath: m_LocalScale.y
      value: 0.02
      objectReference: {fileID: 0}
    - target: {fileID: 4904909817232003570, guid: 52be4f364faeea948b4063f616a70815,
        type: 3}
      propertyPath: m_LocalScale.z
      value: 0.02
      objectReference: {fileID: 0}
    - target: {fileID: 5343231223079940629, guid: 52be4f364faeea948b4063f616a70815,
        type: 3}
      propertyPath: m_LocalScale.x
      value: 0.02
      objectReference: {fileID: 0}
    - target: {fileID: 5343231223079940629, guid: 52be4f364faeea948b4063f616a70815,
        type: 3}
      propertyPath: m_LocalScale.y
      value: 0.02
      objectReference: {fileID: 0}
    - target: {fileID: 5343231223079940629, guid: 52be4f364faeea948b4063f616a70815,
        type: 3}
      propertyPath: m_LocalScale.z
      value: 0.02
      objectReference: {fileID: 0}
    - target: {fileID: 5651992847691624718, guid: 52be4f364faeea948b4063f616a70815,
        type: 3}
      propertyPath: outliners.Array.data[0].root
      value: 
      objectReference: {fileID: 4542253089175497989}
    - target: {fileID: 6512594336300941344, guid: 52be4f364faeea948b4063f616a70815,
        type: 3}
      propertyPath: m_IsActive
      value: 1
      objectReference: {fileID: 0}
    - target: {fileID: 6434054379956395124, guid: 52be4f364faeea948b4063f616a70815,
        type: 3}
      propertyPath: m_IsActive
      value: 1
      objectReference: {fileID: 0}
    - target: {fileID: 7407243309107172052, guid: 52be4f364faeea948b4063f616a70815,
        type: 3}
      propertyPath: m_LocalScale.x
      value: 0.02
      objectReference: {fileID: 0}
    - target: {fileID: 7407243309107172052, guid: 52be4f364faeea948b4063f616a70815,
        type: 3}
      propertyPath: m_LocalScale.y
      value: 0.02
      objectReference: {fileID: 0}
    - target: {fileID: 7407243309107172052, guid: 52be4f364faeea948b4063f616a70815,
        type: 3}
      propertyPath: m_LocalScale.z
      value: 0.02
      objectReference: {fileID: 0}
    - target: {fileID: 8210393877200311214, guid: 52be4f364faeea948b4063f616a70815,
        type: 3}
      propertyPath: m_LocalScale.x
      value: 0.02
      objectReference: {fileID: 0}
    - target: {fileID: 8210393877200311214, guid: 52be4f364faeea948b4063f616a70815,
        type: 3}
      propertyPath: m_LocalScale.y
      value: 0.02
      objectReference: {fileID: 0}
    - target: {fileID: 8210393877200311214, guid: 52be4f364faeea948b4063f616a70815,
        type: 3}
      propertyPath: m_LocalScale.z
      value: 0.02
      objectReference: {fileID: 0}
    - target: {fileID: 1884182538896381091, guid: 52be4f364faeea948b4063f616a70815,
        type: 3}
      propertyPath: OnAwakeEvent.m_PersistentCalls.m_Calls.Array.data[0].m_Target
      value: 
      objectReference: {fileID: 0}
    - target: {fileID: 5293972202161671339, guid: 52be4f364faeea948b4063f616a70815,
        type: 3}
      propertyPath: m_Materials.Array.size
      value: 2
      objectReference: {fileID: 0}
    - target: {fileID: 5293972202161671339, guid: 52be4f364faeea948b4063f616a70815,
        type: 3}
      propertyPath: m_RenderingLayerMask
      value: 1
      objectReference: {fileID: 0}
    - target: {fileID: 5293972202161671339, guid: 52be4f364faeea948b4063f616a70815,
        type: 3}
      propertyPath: m_Materials.Array.data[0]
      value: 
      objectReference: {fileID: 2100000, guid: c8fc8367de4ec334daaaa820a40f25f5, type: 2}
    - target: {fileID: 5293972202161671339, guid: 52be4f364faeea948b4063f616a70815,
        type: 3}
      propertyPath: m_Materials.Array.data[1]
      value: 
      objectReference: {fileID: 2100000, guid: 48b2ec771b319c54ba1923f725401499, type: 2}
    - target: {fileID: 5293972202161671339, guid: 52be4f364faeea948b4063f616a70815,
        type: 3}
      propertyPath: m_Enabled
      value: 1
      objectReference: {fileID: 0}
    - target: {fileID: 5960493087090230648, guid: 52be4f364faeea948b4063f616a70815,
        type: 3}
      propertyPath: m_Mesh
      value: 
      objectReference: {fileID: 4300000, guid: 58e16775ee51b954e9fa94360e8e8d0e, type: 3}
    - target: {fileID: 8830789172341274778, guid: 52be4f364faeea948b4063f616a70815,
        type: 3}
      propertyPath: m_Enabled
      value: 1
      objectReference: {fileID: 0}
    - target: {fileID: 5063149854797239906, guid: 52be4f364faeea948b4063f616a70815,
        type: 3}
      propertyPath: m_Material
      value: 
      objectReference: {fileID: 0}
    - target: {fileID: 4617714050532688, guid: 52be4f364faeea948b4063f616a70815, type: 3}
      propertyPath: m_LocalPosition.z
      value: 0.01
      objectReference: {fileID: 0}
    - target: {fileID: 4617714050532688, guid: 52be4f364faeea948b4063f616a70815, type: 3}
      propertyPath: m_LocalScale.x
      value: 0.022
      objectReference: {fileID: 0}
    - target: {fileID: 4617714050532688, guid: 52be4f364faeea948b4063f616a70815, type: 3}
      propertyPath: m_LocalScale.y
      value: 0.022
      objectReference: {fileID: 0}
    - target: {fileID: 4617714050532688, guid: 52be4f364faeea948b4063f616a70815, type: 3}
      propertyPath: m_LocalScale.z
      value: 0.022
      objectReference: {fileID: 0}
    - target: {fileID: 4641718485315190, guid: 52be4f364faeea948b4063f616a70815, type: 3}
      propertyPath: m_LocalPosition.z
      value: 0.01
      objectReference: {fileID: 0}
    - target: {fileID: 4641718485315190, guid: 52be4f364faeea948b4063f616a70815, type: 3}
      propertyPath: m_LocalScale.x
      value: 0.022
      objectReference: {fileID: 0}
    - target: {fileID: 4641718485315190, guid: 52be4f364faeea948b4063f616a70815, type: 3}
      propertyPath: m_LocalScale.y
      value: 0.022
      objectReference: {fileID: 0}
    - target: {fileID: 4641718485315190, guid: 52be4f364faeea948b4063f616a70815, type: 3}
      propertyPath: m_LocalScale.z
      value: 0.022
      objectReference: {fileID: 0}
    m_RemovedComponents: []
  m_SourcePrefab: {fileID: 100100000, guid: 52be4f364faeea948b4063f616a70815, type: 3}
--- !u!114 &7482136469092676941 stripped
MonoBehaviour:
  m_CorrespondingSourceObject: {fileID: 114536379461043260, guid: 52be4f364faeea948b4063f616a70815,
    type: 3}
  m_PrefabInstance: {fileID: 7368743589865664881}
  m_PrefabAsset: {fileID: 0}
  m_GameObject: {fileID: 0}
  m_Enabled: 1
  m_EditorHideFlags: 0
  m_Script: {fileID: 11500000, guid: b91e36c6b21e3ea4d926d428d6aaefcc, type: 3}
  m_Name: 
  m_EditorClassIdentifier: 
--- !u!114 &7482227360122838947 stripped
MonoBehaviour:
  m_CorrespondingSourceObject: {fileID: 114067067689610962, guid: 52be4f364faeea948b4063f616a70815,
    type: 3}
  m_PrefabInstance: {fileID: 7368743589865664881}
  m_PrefabAsset: {fileID: 0}
  m_GameObject: {fileID: 0}
  m_Enabled: 1
  m_EditorHideFlags: 0
  m_Script: {fileID: 11500000, guid: d7dcdf9025adb044280ef8ee43c05228, type: 3}
  m_Name: 
  m_EditorClassIdentifier: 
--- !u!1 &4542253089175497989 stripped
GameObject:
  m_CorrespondingSourceObject: {fileID: 6434054379956395124, guid: 52be4f364faeea948b4063f616a70815,
    type: 3}
  m_PrefabInstance: {fileID: 7368743589865664881}
  m_PrefabAsset: {fileID: 0}
--- !u!114 &3515856249697663722 stripped
MonoBehaviour:
  m_CorrespondingSourceObject: {fileID: 6235759119361493915, guid: 52be4f364faeea948b4063f616a70815,
    type: 3}
  m_PrefabInstance: {fileID: 7368743589865664881}
  m_PrefabAsset: {fileID: 0}
  m_GameObject: {fileID: 0}
  m_Enabled: 1
  m_EditorHideFlags: 0
  m_Script: {fileID: 11500000, guid: b84a149d05a8df347858340d94fad9e8, type: 3}
  m_Name: 
  m_EditorClassIdentifier: 
--- !u!1 &7369832500171196745 stripped
GameObject:
  m_CorrespondingSourceObject: {fileID: 1670004889385016, guid: 52be4f364faeea948b4063f616a70815,
    type: 3}
  m_PrefabInstance: {fileID: 7368743589865664881}
  m_PrefabAsset: {fileID: 0}
--- !u!95 &6299836100436063826 stripped
Animator:
  m_CorrespondingSourceObject: {fileID: 3543922577901438755, guid: 52be4f364faeea948b4063f616a70815,
    type: 3}
  m_PrefabInstance: {fileID: 7368743589865664881}
  m_PrefabAsset: {fileID: 0}
--- !u!198 &2824268110629400225 stripped
ParticleSystem:
  m_CorrespondingSourceObject: {fileID: 4716071053886382032, guid: 52be4f364faeea948b4063f616a70815,
    type: 3}
  m_PrefabInstance: {fileID: 7368743589865664881}
  m_PrefabAsset: {fileID: 0}
--- !u!198 &5886207365870693573 stripped
ParticleSystem:
  m_CorrespondingSourceObject: {fileID: 4031578363757043124, guid: 52be4f364faeea948b4063f616a70815,
    type: 3}
  m_PrefabInstance: {fileID: 7368743589865664881}
  m_PrefabAsset: {fileID: 0}
--- !u!1 &7928819684512869196 stripped
GameObject:
  m_CorrespondingSourceObject: {fileID: 597811337483164221, guid: 52be4f364faeea948b4063f616a70815,
    type: 3}
  m_PrefabInstance: {fileID: 7368743589865664881}
  m_PrefabAsset: {fileID: 0}
